@incollection{backus,
title       = "Backus-naur form (bnf)",
author      = "McCracken, Daniel D and Reilly, Edwin D",
booktitle   = "Encyclopedia of Computer Science",
publisher   = "John Wiley and Sons Ltd., Baffins Lane Chichester West Sussex PO19 1UD, United Kingdom",
pages       = "129--131",
year        = "2003",
}

@inproceedings{tensor-comprehension,
author      = "Scholz, Sven-Bodo and Šinkarovs, Artjoms",
title       = "Tensor Comprehensions in SaC",
booktitle   = "Proceedings of International Symposium on Implementation and Application of Functional Languages",
year        = "2020",
publisher   = "ACM",
address     = "USA, New York",
pages       = "1--12",
}

@article{auxiliary-computations,
author      = "Herhut, Stephan Andreas",
title       = "Auxiliary computations: a framework for a step-wise, non-disruptive introduction of static guarantees to untyped programs using partial evaluation techniques",
publisher   = "University of Hertfordshire",
journal     = "University of Hertfordshire",
year        = "2010",
isbn        = "0000-0004-2737-669X",
}

@article{introduction-to-partial-evaluation,
author      = "Jones, Neil",
year        = "1996",
month       = "09",
pages       = "480-503",
title       = "An Introduction to Partial Evaluation.",
volume      = "28",
journal     = "ACM Comput. Surv.",
doi         = "10.1145/243439.24344"}
}

@inproceedings{binding-scope-analysis,
author      = "Grelck, Clemens and Scholz, Sven-Bodo and Shafarenko, Alex",
editor      = "Butterfield, Andrew and Grelck, Clemens and Huch, Frank",
title       = "A Binding Scope Analysis for Generic Programs on Arrays",
booktitle   = "Implementation and Application of Functional Languages",
year        = "2006",
publisher   = "Springer Berlin Heidelberg",
address     = "Berlin, Heidelberg",
pages       = "212--230",
isbn        = "978-3-540-69175-4",
}

@inproceedings{binding-time-analysis,
title       = "Binding-time analysis for polymorphic types",
author      = "Heldal, Rogardt and Hughes, John",
booktitle   = "International Andrei Ershov Memorial Conference on Perspectives of System Informatics",
pages       = "191--204",
year        = "2001",
organization= "Springer"
}

@article{sac-backend,
title       = "A Compiler Backend for Generic Programming with Arrays",
author      = "Kreye, Dietmar",
year        = "2004",
month       = "01",
publisher   = "Citeseer",
journal     = "Faculty of Engineering at Christian-Albrechts-Universität",
}

@inproceedings{optimising-array-programs,
author      = "Trojahner, Kai and Grelck, Clemens and Scholz, Sven-Bodo",
editor      = "Horv{\'a}th, Zolt{\'a}n and Zs{\'o}k, Vikt{\'o}ria and Butterfield, Andrew",
title       = "On Optimising Shape-Generic Array Programs Using Symbolic Structural Information",
booktitle   = "Implementation and Application of Functional Languages",
year        = "2007",
publisher   = "Springer Berlin Heidelberg",
address     = "Berlin, Heidelberg",
pages       = "1--18",
isbn        = "978-3-540-74130-5",
}

@book{partial-evaluation,
author      = "Jones, Neil and Gomard, Carsten and Sestoft, Peter",
publisher   = "Prentice Hall International",
year        = "1993",
month       = "1",
title       = "Partial Evaluation and Automatic Program Generation",
isbn        = "0-13-020249-5",
}

@article{ocaml,
title       = "The OCaml system release 3.12",
author      = "Leroy, Xavier and Doligez, Damien and Frisch, Alain and Garrigue, Jacques and R{\'e}my, Didier and Vouillon, J{\'e}r{\^o}me",
journal     = "Institut National de Recherche en Informatique et en Automatique",
year        = "2011"
}

@inbook{ocamllex,
title       = "Ocamllex and Ocamlyacc",
author    = "Leroy, Xavier and Doligez, Damien and Frisch, Alain and Garrigue, Jacques and R{\'e}my, Didier and Vouillon, J{\'e}r{\^o}me",
bookTitle   = "Practical OCaml",
year        = "2007",
publisher   = "Apress",
address     = "Berkeley, CA",
pages       = "193--211",
isbn        = "978-1-4302-0244-8",
doi         = "10.1007/978-1-4302-0244-8_16",
url         = "https://doi.org/10.1007/978-1-4302-0244-8_16"
}

@inproceedings{pattern-matching,
author      = "Maranget, Luc",
title       = "Compiling Pattern Matching to Good Decision Trees",
year        = "2008",
isbn        = "9781605580623",
publisher   = "Association for Computing Machinery",
address     = "New York, NY, USA",
url         = "https://doi.org/10.1145/1411304.1411311",
doi         = "10.1145/1411304.1411311",
booktitle   = "Proceedings of the 2008 ACM SIGPLAN Workshop on ML",
pages       = "35–46",
numpages    = "12",
keywords    = "match compilers, heuristics, decision trees",
location    = "Victoria, BC, Canada",
series      = "ML '08"
}
